<?xml version="1.0" encoding="UTF-8"?><collection xmlns="http://www.loc.gov/MARC21/slim"><record><leader>00350nam--2200133-i-4500</leader><controlfield tag="001">000048250</controlfield><controlfield tag="002">20161230</controlfield><controlfield tag="005">20161230201046</controlfield><controlfield tag="008">060222s1000------------r-----000-0-eng-d</controlfield><datafield ind1=" " ind2=" " tag="080"><subfield code="a">621.039.83:632(061.3)</subfield></datafield><datafield ind1=" " ind2=" " tag="245"><subfield code="a">Nuclear techniques in improving pasture management</subfield></datafield><datafield ind1=" " ind2=" " tag="260"><subfield code="a">Vienna,Iaea, 1983, 188p</subfield></datafield><datafield ind1=" " ind2=" " tag="490"><subfield code="a">Panel Proc.Series</subfield></datafield><datafield ind1=" " ind2=" " tag="852"><subfield code="a">71390</subfield></datafield></record></collection>